@inproceedings{hoover2010bio,
  title={Bio-inspired design and dynamic maneuverability of a minimally actuated six-legged robot},
  author={Hoover, Aaron M and Burden, Samuel and Fu, Xiao-Yu and Sastry, S Shankar and Fearing, Ronald S},
  booktitle={Biomedical Robotics and Biomechatronics (BioRob), 2010 3rd IEEE RAS and EMBS International Conference on},
  pages={869--876},
  year={2010},
  organization={IEEE}
}

@article{park2014design,
  title={Design and control of a bio-inspired soft wearable robotic device for ankle--foot rehabilitation},
  author={Park, Yong-Lae and Chen, Bor-rong and P{\'e}rez-Arancibia, N{\'e}stor O and Young, Diana and Stirling, Leia and Wood, Robert J and Goldfield, Eugene C and Nagpal, Radhika},
  journal={Bioinspiration \& biomimetics},
  volume={9},
  number={1},
  pages={016007},
  year={2014},
  publisher={IOP Publishing}
}

@article{lee2001biomedical,
  title={Biomedical applications of collagen},
  author={Lee, Chi H and Singla, Anuj and Lee, Yugyung},
  journal={International journal of pharmaceutics},
  volume={221},
  number={1-2},
  pages={1--22},
  year={2001},
  publisher={Elsevier}
}

@thesis{Sanabria2022_tesis,
    author = {Sanabria, F},
    title  = {Diseño e implementación de una plataforma
de pruebas para sistemas de control para el
dron Crazyflie 2.0},
    note   = {Tesis de licenciatura},
    school = {Universidad Del Valle de Guatemala},
    year   = {2022},
}

@thesis{Camilo2022_tesis,
    author = {Perafan, C},
    title  = {Robotat: un ecosistema robótico de captura de movimiento y comunicación inalámbrica},
    note   = {Tesis de licenciatura},
    school = {Universidad Del Valle de Guatemala},
    year   = {2022},
}

@online{OptiTrack_Primex-40,
    author = "",
    title = "Primex-40-Specs",
    url  = "https://optitrack.com/cameras/primex-41/specs.html",
    addendum = "(Accedido el: 21/4/2023)",
    keywords = "latex,knuth"
}

@online{Crazyswarm,
    author = "",
    title = "Crazyswarm Documentation",
    url  = "https://crazyswarm.readthedocs.io/en/latest/",
    addendum = "(Accedido el: 21/4/2023)",
    keywords = "latex,knuth"
}

@online{Crazyswarm2,
    author = "",
    title = "Overview-Crazyswarm2",
    url  = "https://imrclab.github.io/crazyswarm2/overview.html",
    addendum = "(Accedido el: 22/4/2023)",
    keywords = "latex,knuth"
}

@online{CRTP,
    author = "",
    title = "CRTP-Communication with the Crazyflie",
    url  = "https://www.bitcraze.io/documentation/repository/crazyflie-firmware/master/functional-areas/crtp/",
    addendum = "(Accedido el: 6/5/2023)",
    keywords = "latex,knuth"
}

@online{Crazyflie_2.1,
    author = "",
    title = "Crazyflie 2.1 | Bitcraze",
    url  = "https://www.bitcraze.io/products/crazyflie-2-1/",
    addendum = "(Accedido el: 13/5/2023)",
    keywords = "latex,knuth"
}

@online{UDP,
    author = "",
    title = "¿Qué es el UDP?",
    url  = "https://www.cloudflare.com/es-es/learning/ddos/glossary/user-datagram-protocol-udp/",
    addendum = "(Accedido el: 13/5/2023)",
    keywords = "latex,knuth"
}

@online{JSON,
    author = "",
    title = "Formato JSON (JavaScript Object Notation)",
    url  = "https://www.ibm.com/docs/es/baw/20.x?topic=formats-javascript-object-notation-json-format",
    addendum = "(Accedido el: 13/5/2023)",
    keywords = "latex,knuth"
}

@online{CPX,
    author = "",
    title = "CPX - Crazyflie Packet eXchange",
    url  = "https://www.bitcraze.io/documentation/repository/crazyflie-firmware/master/functional-areas/cpx/#main-design-principles",
    addendum = "(Accedido el: 20/5/2023)",
    keywords = "latex,knuth"
}

@online{Kalman,
    author = "",
    title = "State estimation",
    url  = "https://www.bitcraze.io/documentation/repository/crazyflie-firmware/master/functional-areas/sensor-to-control/state_estimators/",
    addendum = "(Accedido el: 20/5/2023)",
    keywords = "latex,knuth"
}